@article{Sahoo_2008,
	doi = {10.1038/ng.158},
	url = {https://doi.org/10.1038%2Fng.158},
	year = 2008,
	month = {may},
	publisher = {Springer Science and Business Media {LLC}},
	volume = {40},
	number = {6},
	pages = {719--721},
	author = {Trilochan Sahoo and Daniela del Gaudio and Jennifer R German and Marwan Shinawi and Sarika U Peters and Richard E Person and Adolfo Garnica and Sau Wai Cheung and Arthur L Beaudet},
	title = {Prader-Willi phenotype caused by paternal deficiency for the {HBII}-85 C/D box small nucleolar {RNA} cluster},
	journal = {Nature Genetics}
}
@article{Bolton_2004,
	doi = {10.1097/00041444-200409000-00002},
	url = {https://doi.org/10.1097%2F00041444-200409000-00002},
	year = 2004,
	month = {sep},
	publisher = {Ovid Technologies (Wolters Kluwer Health)},
	volume = {14},
	number = {3},
	pages = {131--137},
	author = {Patrick F. Bolton and Marijcke W. M. Veltman and Emma Weisblatt and Joanne R. Holmes and N. Simon Thomas and Sheila A. Youings and Russell J. Thompson and Si{\^{a}}n E. Roberts and Nicholas R. Dennis and Caroline E. Browne and Sally Goodson and Vanessa Moore and Josie Brown},
	title = {Chromosome 15q11-13 abnormalities and other medical conditions in individuals with autism spectrum disorders},
	journal = {Psychiatric Genetics}
}
