@article{Farias_2014,
	doi = {10.1016/j.fob.2014.01.010},
	url = {https://doi.org/10.1016%2Fj.fob.2014.01.010},
	year = 2014,
	month = {jan},
	publisher = {Wiley},
	volume = {4},
	number = {1},
	pages = {175--178},
	author = {S{\'{a}}vio T. Farias and Thais G. R{\^{e}}go and Marco V. Jos{\'{e}}},
	title = {Origin and evolution of the Peptidyl Transferase Center from proto-{tRNAs}},
	journal = {{FEBS} Open Bio}
}
@article{Tamura_2011,
	doi = {10.1007/s12038-011-9158-2},
	url = {https://doi.org/10.1007%2Fs12038-011-9158-2},
	year = 2011,
	month = {nov},
	publisher = {Springer Science and Business Media {LLC}},
	volume = {36},
	number = {5},
	pages = {921--928},
	author = {Koji Tamura},
	title = {Ribosome evolution: Emergence of peptide synthesis machinery},
	journal = {Journal of Biosciences}
}
@article{Citti_2005,
	doi = {10.2174/1566523052997541},
	url = {https://doi.org/10.2174%2F1566523052997541},
	year = 2005,
	month = {feb},
	publisher = {Bentham Science Publishers Ltd.},
	volume = {5},
	number = {1},
	pages = {11--24},
	author = {L. Citti and G. Rainaldi},
	title = {Synthetic Hammerhead Ribozymes as Therapeutic Tools to Control Disease Genes},
	journal = {Current Gene Therapy}
}
@article{Webster_2015,
	doi = {10.1016/j.molcel.2015.07.017},
	url = {https://doi.org/10.1016%2Fj.molcel.2015.07.017},
	year = 2015,
	month = {aug},
	publisher = {Elsevier {BV}},
	volume = {59},
	number = {4},
	pages = {564--575},
	author = {Alexandre Webster and Sisi Li and Junho~K. Hur and Malte Wachsmuth and Justin~S. Bois and Edward~M. Perkins and Dinshaw~J. Patel and Alexei~A. Aravin},
	title = {Aub and Ago3 Are Recruited to Nuage through Two Mechanisms to Form a Ping-Pong Complex Assembled by Krimper},
	journal = {Molecular Cell}
}
@article{Weick_2014,
	doi = {10.1242/dev.094037},
	url = {https://doi.org/10.1242%2Fdev.094037},
	year = 2014,
	month = {sep},
	publisher = {The Company of Biologists},
	volume = {141},
	number = {18},
	pages = {3458--3471},
	author = {E.-M. Weick and E. A. Miska},
	title = {{piRNAs}: from biogenesis to function},
	journal = {Development}
}
@article{Brennecke_2008,
	doi = {10.1126/science.1165171},
	url = {https://doi.org/10.1126%2Fscience.1165171},
	year = 2008,
	month = {nov},
	publisher = {American Association for the Advancement of Science ({AAAS})},
	volume = {322},
	number = {5906},
	pages = {1387--1392},
	author = {J. Brennecke and C. D. Malone and A. A. Aravin and R. Sachidanandam and A. Stark and G. J. Hannon},
	title = {An Epigenetic Role for Maternally Inherited {piRNAs} in Transposon Silencing},
	journal = {Science}
}
@article{Ng_2016,
	doi = {10.1186/s12943-016-0491-9},
	url = {https://doi.org/10.1186%2Fs12943-016-0491-9},
	year = 2016,
	month = {jan},
	publisher = {Springer Science and Business Media {LLC}},
	volume = {15},
	number = {1},
	author = {Kevin W. Ng and Christine Anderson and Erin A. Marshall and Brenda C. Minatel and Katey S. S. Enfield and Heather L. Saprunoff and Wan L. Lam and Victor D. Martinez},
	title = {Piwi-interacting {RNAs} in cancer: emerging functions and clinical utility},
	journal = {Molecular Cancer}
}
@article{Cheng_2019,
	doi = {10.18632/aging.102417},
	url = {https://doi.org/10.18632%2Faging.102417},
	year = 2019,
	month = {nov},
	publisher = {Impact Journals, {LLC}},
	volume = {11},
	number = {21},
	pages = {9932--9946},
	author = {Ye Cheng and Qian Wang and Wei Jiang and Yonghua Bian and Yang zhou and Anxing Gou and Wenling Zhang and Kai Fu and Weihong Shi},
	title = {Emerging roles of {piRNAs} in cancer: challenges and prospects},
	journal = {Aging}
}
