@online{youtube,
        title = {Generation and action of siRNAs and miRNAs},
        date = {2014},
        organization = {Youtube},
        author = {Oxford Academic},
        url = {https://www.youtube.com/watch?v=5YsTW5i0Xro},
    }
@article{Ha_2014,
	doi = {10.1038/nrm3838},
	url = {https://doi.org/10.1038%2Fnrm3838},
	year = 2014,
	month = {jul},
	publisher = {Springer Science and Business Media {LLC}},
	volume = {15},
	number = {8},
	pages = {509--524},
	author = {Minju Ha and V. Narry Kim},
	title = {Regulation of {microRNA} biogenesis},
	journal = {Nature Reviews Molecular Cell Biology}
}
@article{Kai_2010,
	doi = {10.1038/nsmb.1762},
	url = {https://doi.org/10.1038%2Fnsmb.1762},
	year = 2010,
	month = {jan},
	publisher = {Springer Science and Business Media {LLC}},
	volume = {17},
	number = {1},
	pages = {5--10},
	author = {Zoya S Kai and Amy E Pasquinelli},
	title = {{MicroRNA} assassins: factors that regulate the disappearance of {miRNAs}},
	journal = {Nature Structural {\&} Molecular Biology}
}
@article{Hwang_2007,
	doi = {10.1126/science.1136235},
	url = {https://doi.org/10.1126%2Fscience.1136235},
	year = 2007,
	month = {jan},
	publisher = {American Association for the Advancement of Science ({AAAS})},
	volume = {315},
	number = {5808},
	pages = {97--100},
	author = {H.-W. Hwang and E. A. Wentzel and J. T. Mendell},
	title = {A Hexanucleotide Element Directs {MicroRNA} Nuclear Import},
	journal = {Science}
}
@article{Buck_2010,
	doi = {10.1261/rna.1819210},
	url = {https://doi.org/10.1261%2Frna.1819210},
	year = 2010,
	month = {jan},
	publisher = {Cold Spring Harbor Laboratory},
	volume = {16},
	number = {2},
	pages = {307--315},
	author = {A. H. Buck and J. Perot and M. A. Chisholm and D. S. Kumar and L. Tuddenham and V. Cognat and L. Marcinowski and L. Dolken and S. Pfeffer},
	title = {Post-transcriptional regulation of {miR}-27 in murine cytomegalovirus infection},
	journal = {{RNA}}
}
@article{Ender_2008,
	doi = {10.1016/j.molcel.2008.10.017},
	url = {https://doi.org/10.1016%2Fj.molcel.2008.10.017},
	year = 2008,
	month = {nov},
	publisher = {Elsevier {BV}},
	volume = {32},
	number = {4},
	pages = {519--528},
	author = {Christine Ender and Azra Krek and Marc R. Friedl√§nder and Michaela Beitzinger and Lasse Weinmann and Wei Chen and S{\'{e}}bastien Pfeffer and Nikolaus Rajewsky and Gunter Meister},
	title = {A Human {snoRNA} with {MicroRNA}-Like Functions},
	journal = {Molecular Cell}
}
@article{Dueck_2010,
	doi = {10.1186/gb-2010-11-6-123},
	url = {https://doi.org/10.1186%2Fgb-2010-11-6-123},
	year = 2010,
	publisher = {Springer Science and Business Media {LLC}},
	volume = {11},
	number = {6},
	pages = {123},
	author = {Anne Dueck and Gunter Meister},
	title = {{MicroRNA} processing without Dicer},
	journal = {Genome Biology}
}
@article{Shen_2013,
	doi = {10.1038/nature12080},
	url = {https://doi.org/10.1038%2Fnature12080},
	year = 2013,
	month = {may},
	publisher = {Springer Science and Business Media {LLC}},
	volume = {497},
	number = {7449},
	pages = {383--387},
	author = {Jia Shen and Weiya Xia and Yekaterina B. Khotskaya and Longfei Huo and Kotaro Nakanishi and Seung-Oe Lim and Yi Du and Yan Wang and Wei-Chao Chang and Chung-Hsuan Chen and Jennifer L. Hsu and Yun Wu and Yung Carmen Lam and Brian P. James and Xiuping Liu and Chang-Gong Liu and Dinshaw J. Patel and Mien-Chie Hung},
	title = {{EGFR} modulates {microRNA} maturation in response to hypoxia through phosphorylation of {AGO}2},
	journal = {Nature}
}
